<record><leader>00000cas a22000007a 4500</leader><controlfield tag="001">12766016</controlfield><controlfield tag="008">851106d1868187ugauwr ne      0    0eng d</controlfield><datafield ind1=" " ind2=" " tag="010"><subfield code="a">sn 85034396 </subfield></datafield><datafield ind1=" " ind2=" " tag="040"><subfield code="a">NPU</subfield><subfield code="b">eng</subfield><subfield code="c">NPU</subfield><subfield code="d">NPX</subfield><subfield code="d">NLG</subfield><subfield code="d">GUA</subfield><subfield code="d">OCLCQ</subfield><subfield code="d">OCLCF</subfield><subfield code="d">OCLCO</subfield></datafield><datafield ind1="1" ind2=" " tag="029"><subfield code="a">AU@</subfield><subfield code="b">000041090081</subfield></datafield><datafield ind1=" " ind2=" " tag="042"><subfield code="a">msc</subfield></datafield><datafield ind1=" " ind2=" " tag="043"><subfield code="a">n-us-ga</subfield></datafield><datafield ind1="0" ind2=" " tag="130"><subfield code="a">Savannah weekly news (Savannah, Ga. : 1868)</subfield></datafield><datafield ind1="1" ind2="4" tag="245"><subfield code="a">The Savannah weekly news.</subfield></datafield><datafield ind1=" " ind2=" " tag="260"><subfield code="a">Savannah, Ga. :</subfield><subfield code="b">Theodore Blois</subfield></datafield><datafield ind1=" " ind2=" " tag="300"><subfield code="a">v. ;</subfield><subfield code="c">69 cm.</subfield></datafield><datafield ind1=" " ind2=" " tag="310"><subfield code="a">Weekly</subfield></datafield><datafield ind1="1" ind2=" " tag="362"><subfield code="a">Began in 1868?</subfield></datafield><datafield ind1=" " ind2=" " tag="530"><subfield code="a">Also on microfilm: Athens, Ga. : University of Georgia Libraries.</subfield></datafield><datafield ind1=" " ind2=" " tag="588"><subfield code="a">Description based on: Jan. 4, 1873.</subfield></datafield><datafield ind1=" " ind2="0" tag="651"><subfield code="a">Savannah (Ga.)</subfield><subfield code="v">Newspapers.</subfield></datafield><datafield ind1=" " ind2="0" tag="651"><subfield code="a">Chatham County (Ga.)</subfield><subfield code="v">Newspapers.</subfield></datafield><datafield ind1=" " ind2="7" tag="655"><subfield code="a">Newspapers.</subfield><subfield code="2">fast</subfield><subfield code="0">(OCoLC)fst01423814</subfield></datafield><datafield ind1=" " ind2="7" tag="651"><subfield code="a">Georgia</subfield><subfield code="z">Chatham County.</subfield><subfield code="2">fast</subfield><subfield code="0">(OCoLC)fst01207617</subfield></datafield><datafield ind1=" " ind2="7" tag="651"><subfield code="a">Georgia</subfield><subfield code="z">Savannah.</subfield><subfield code="2">fast</subfield><subfield code="0">(OCoLC)fst01207319</subfield></datafield><datafield ind1=" " ind2=" " tag="752"><subfield code="a">United States</subfield><subfield code="b">Georgia</subfield><subfield code="c">Chatham</subfield><subfield code="d">Savannah.</subfield></datafield><datafield ind1="0" ind2=" " tag="775"><subfield code="t">Savannah daily morning news (Savannah, Ga. : 1868)</subfield><subfield code="w">(DLC)sn 88074195</subfield><subfield code="w">(OCoLC)17724387</subfield></datafield><datafield ind1="0" ind2=" " tag="775"><subfield code="t">Savannah morning news (Savannah, Ga. : 1868)</subfield><subfield code="w">(DLC)sn 82015137</subfield><subfield code="w">(OCoLC)8821574</subfield></datafield><datafield ind1="0" ind2=" " tag="775"><subfield code="t">Triweekly morning news (Savannah, Ga. : 1868)</subfield><subfield code="w">(DLC)sn 85034258</subfield><subfield code="w">(OCoLC)12595286</subfield></datafield><datafield ind1="0" ind2="0" tag="780"><subfield code="t">Weekly news and herald</subfield></datafield><datafield ind1="0" ind2="0" tag="785"><subfield code="t">Weekly news (Savannah, Ga. : 1878)</subfield><subfield code="w">(DLC)sn 82014202</subfield><subfield code="w">(OCoLC)8773846</subfield></datafield></record>